@book{appleby:civ,
  author  = {Humphrey Appleby},
  title   = {On the Importance of the Civil Service},
  date    = {1980},
}

@book{appleby:abl,
  author  = {Humphrey Appleby},
  title   = {On the Ablative in Greek},
  date    = {1982},
}

@book{elk:bronto,
  author  = {Elk, Anne and Hacker, James and Rumpo, Syd},
  title   = {On the Theory of Brontosauruses},
  date    = {1972},
  options = {maxnames=1, uniquelist=false},
}

@book{elk:einio,
  author  = {Elk, Anne and Hacker, James and Pode, Eric},
  title   = {On the Theory of Einiosauruses},
  date    = {1973},
  options = {maxnames=1, uniquelist=false},
}